@article{PilWain15,
  title={Randomized sketches of convex programs with sharp guarantees},
  author={Pilanci, Mert and Wainwright, Martin J},
  journal={IEEE Transactions on Information Theory},
  volume={61},
  number={9},
  pages={5096--5115},
  year={2015},
  publisher={IEEE}
}


@book{LedTal13,
  title={Probability in Banach Spaces: isoperimetry and processes},
  author={Ledoux, Michel and Talagrand, Michel},
  year={2013},
  publisher={Springer Science \& Business Media}
}

@article{MenPajTom07,
  title={Reconstruction and subgaussian operators in asymptotic geometric
  analysis},
  author={Mendelson, Shahar and Pajor, Alain and Tomczak-Jaegermann, Nicole},
  journal={Geometric and Functional Analysis},
  volume={17},
  number={4},
  pages={1248--1282},
  year={2007},
  publisher={Springer}
}

@book{Versh18,
    title={High Dimension Probability: with Applications in Data Science},
    author={Vershynin, Roman},
    year={2018},
    publisher={Cambridge University Press}}

@article{KraWard11,
  title={New and improved Johnson--Lindenstrauss embeddings via the restricted
  isometry property},
  author={Krahmer, Felix and Ward, Rachel},
  journal={SIAM Journal on Mathematical Analysis},
  volume={43},
  number={3},
  pages={1269--1281},
  year={2011},
  publisher={SIAM}
}

@article{PilWain16,
  title={Iterative Hessian sketch: Fast and accurate solution approximation for
  constrained least-squares},
  author={Pilanci, Mert and Wainwright, Martin J},
  journal={The Journal of Machine Learning Research},
  volume={17},
  number={1},
  pages={1842--1879},
  year={2016},
  publisher={JMLR. org}
}


@article{PilWain17,
  title={Newton sketch: A near linear-time optimization algorithm with
  linear-quadratic convergence},
  author={Pilanci, Mert and Wainwright, Martin J},
  journal={SIAM Journal on Optimization},
  volume={27},
  number={1},
  pages={205--245},
  year={2017},
  publisher={SIAM}
}
