@article{PilWain15,
  title={Randomized sketches of convex programs with sharp guarantees},
  author={Pilanci, Mert and Wainwright, Martin J},
  journal={IEEE Transactions on Information Theory},
  volume={61},
  number={9},
  pages={5096--5115},
  year={2015},
  publisher={IEEE}
}

@book{LedTal13,
  title={Probability in Banach Spaces: isoperimetry and processes},
  author={Ledoux, Michel and Talagrand, Michel},
  year={2013},
  publisher={Springer Science \& Business Media}
}
